@inproceedings{cayton2012accelerating,
  title={Accelerating nearest neighbor search on manycore systems},
  author={Cayton, Lawrence},
  booktitle={Parallel \& Distributed Processing Symposium (IPDPS), 2012 IEEE 26th International},
  pages={402--413},
  year={2012},
  organization={IEEE}
}


@article{chavez2015near,
  title={Near neighbor searching with K nearest references},
  author={Ch{\'a}vez, Edgar and Graff, Mario and Navarro, Gonzalo and T{\'e}llez, Eric Sadit},
  journal={Information Systems},
  volume={51},
  pages={43--61},
  year={2015},
  publisher={Elsevier}
}

@article{gao2009efficient,
  title={On efficient mutual nearest neighbor query processing in spatial databases},
  author={Gao, Yunjun and Zheng, Baihua and Chen, Gencai and Li, Qing},
  journal={Data \& Knowledge Engineering},
  volume={68},
  number={8},
  pages={705--727},
  year={2009},
  publisher={Elsevier}
}

@inproceedings{britos2012dsacl,
  title={DSACL+-tree: A dynamic data structure for similarity search in secondary memory},
  author={Britos, Luis and Printista, A Marcela and Reyes, Nora},
  booktitle={International Conference on Similarity Search and Applications},
  pages={116--131},
  year={2012},
  organization={Springer}
}

@article{beliakov2012computing2,
  title={Computing of high breakdown regression estimators without sorting on graphics processing units},
  author={Beliakov, Gleb and Johnstone, Michael and Nahavandi, Saeid},
  journal={Computing},
  volume={94},
  number={5},
  pages={433--447},
  year={2012},
  publisher={Springer}
}
@article{beliakov2012improving,
  title={Improving the speed and stability of the k-nearest neighbors method},
  author={Beliakov, Gleb and Li, Gang},
  journal={Pattern Recognition Letters},
  volume={33},
  number={10},
  pages={1296--1301},
  year={2012},
  publisher={Elsevier}
}

@article{cederman2009gpu,
  title={Gpu-quicksort: A practical quicksort algorithm for graphics processors},
  author={Cederman, Daniel and Tsigas, Philippas},
  journal={Journal of Experimental Algorithmics (JEA)},
  volume={14},
  pages={4},
  year={2009},
  publisher={ACM}
}

@article{chavez2005compact,
  title={A compact space decomposition for effective metric indexing},
  author={Ch{\'a}vez, Edgar and Navarro, Gonzalo},
  journal={Pattern Recognition Letters},
  volume={26},
  number={9},
  pages={1363--1376},
  year={2005},
  publisher={Elsevier}
}

@inproceedings{brisaboa2006similarity,
  title={Similarity search using sparse pivots for efficient multimedia information retrieval},
  author={Brisaboa, Nieves R and Farina, Antonio and Pedreira, Oscar and Reyes, Nora},
  booktitle={Multimedia, 2006. ISM'06. Eighth IEEE International Symposium on},
  pages={881--888},
  year={2006},
  organization={IEEE}
}

@article{eigenfaces,
   title={{Eigenfaces for recognition}},
   author={Turk, M. and Pentland, A.},
   journal={Journal of cognitive neuroscience},
   volume={3},
   number={1},
   pages={71--86},
   year={1991},
   publisher={MIT Press}
}

@article{moujahidtema,
  title={Tema 5. Clasificadores K-NN},
  author={Moujahid, Abdelmalik and Inza, Inaki and Larranaga, Pedro}
}

@misc{knuth1973searching,
  title={Searching and Sorting, the art of computer programming, vol. 3},
  author={Knuth, D},
  year={1973},
  publisher={Reading, MA, Addison-Wesley}
}


@conference{Phi05,
   title={{Overview of the face recognition grand challenge}},
   author={Phillips, P.J. and Flynn, P.J. and Scruggs, T. and Bowyer, K.W. and Chang, J. and Hoffman, K. and Marques, J. and Min, J. and Worek, W.},
   booktitle={IEEE Computer Society Conference on Computer Vision and Pattern Recognition, 2005. CVPR 2005},
   pages={947--954},
   year={2005}
}

@article{tellez2012polyphasic,
  title={Polyphasic metric index: reaching the practical limits of proximity searching},
  author={Tellez, Eric and Chavez, Edgar and Figueroa, Karina},
  journal={Similarity Search and Applications},
  pages={54--69},
  year={2012},
  publisher={Springer}
}

@article{novak2011metric,
  title={Metric index: An efficient and scalable solution for precise and approximate similarity search},
  author={Novak, David and Batko, Michal and Zezula, Pavel},
  journal={Information Systems},
  volume={36},
  number={4},
  pages={721--733},
  year={2011},
  publisher={Elsevier}
}


@INPROCEEDINGS{googlegoggles,
TITLE = "Google Goggles",
BOOKTITLE = "http://www.google.com/mobile/goggles/"
} 

@inproceedings{LC-SSS,
   author    = {Marin, M. and
                Gil Costa, V. and
                Uribe, R.},
   title     = {Hybrid Index for Metric Space Databases},
   booktitle = {ICCS (1)},
   year      = {2008},
   pages     = {327-336},
   ee        = {http://dx.doi.org/10.1007/978-3-540-69384-0\_38},
   crossref  = {DBLP:conf/iccS/2008-1},
   bibsource = {DBLP, http://dblp.uni-trier.de}
}

@proceedings{DBLP:conf/iccS/2008-1,
   editor    = {Marian Bubak and
      G. Dick van Albada and
         Jack Dongarra and
         Peter M. A. Sloot},
   title     = {Computational Science - ICCS 2008, 8th International Conference,
      Krak{\'o}w, Poland, June 23-25, 2008, Proceedings, Part I},
   booktitle = {ICCS (1)},
   publisher = {Springer},
   series    = {Lecture Notes in Computer Science},
   volume    = {5101},
   year      = {2008},
   isbn      = {978-3-540-69383-3},
   bibsource = {DBLP, http://dblp.uni-trier.de}
}


@article{Val90,
   author    = {Leslie G. Valiant},
   title     = {A Bridging Model for Parallel Computation},
   journal   = {Commun. ACM},
   volume    = {33},
   number    = {8},
   year      = {1990},
   pages     = {103-111},
   bibsource = {DBLP, http://dblp.uni-trier.de}
}

@inproceedings{Fal08,
   author    = {Fabrizio Falchi and
      Claudio Lucchese and
         Salvatore Orlando and
         Raffaele Perego and
         Fausto Rabitti},
   title     = {A metric cache for similarity search},
   booktitle = {LSDS-IR},
   year      = {2008},
   pages     = {43-50},
   ee        = {http://doi.acm.org/10.1145/1458469.1458473},
   crossref  = {DBLP:conf/cikm/2008lsdsir},
   bibsource = {DBLP, http://dblp.uni-trier.de}
}

@proceedings{DBLP:conf/cikm/2008lsdsir,
   editor    = {Sebastian Michel and
      Gleb Skobeltsyn and
         Wai Gen Yee},
   title     = {Proceeding of the 2008 ACM Workshop on Large-Scale Distributed
      Systems for Information Retrieval, LSDS-IR 2008, Napa Valley,
      California, USA, October 30, 2008},
   booktitle = {LSDS-IR},
   publisher = {ACM},
   year      = {2008},
   isbn      = {978-1-60558-254-2},
   bibsource = {DBLP, http://dblp.uni-trier.de}
}


@inproceedings{Fal09,
   author    = {Fabrizio Falchi and
         Claudio Lucchese and
         Salvatore Orlando and
         Raffaele Perego and
         Fausto Rabitti},
   title     = {Caching content-based queries for robust and efficient image
      retrieval},
   booktitle = {EDBT},
   year      = {2009},
   pages     = {780-790},
   ee        = {http://doi.acm.org/10.1145/1516360.1516450},
   crossref  = {DBLP:conf/edbt/2009},
   bibsource = {DBLP, http://dblp.uni-trier.de}
}

@proceedings{DBLP:conf/edbt/2009,
   editor    = {Martin L. Kersten and
         Boris\ Novikov and
         Jens Teubner and
         Vladimir Polutin and
         Stefan Manegold},
   title     = {EDBT 2009, 12th International Conference on Extending Database
      Technology, Saint Petersburg, Russia, March 24-26, 2009,
      Proceedings},
   booktitle = {EDBT},
   publisher = {ACM},
   series    = {ACM International Conference Proceeding Series},
   volume    = {360},
   year      = {2009},
   isbn      = {978-1-60558-422-5},
   bibsource = {DBLP, http://dblp.uni-trier.de}
}

@article{EGNAT,
	title = "Fully dynamic metric access methods based on hyperplane partitioning",
	journal = "Information Systems",
	volume = "36",
	number = "4",
	pages = "734 - 747",
	year = "2011",
	note = "Selected Papers from the 2nd International Workshop on Similarity Search and Applications SISAP 2009",
	issn = "0306-4379",
	doi = "DOI: 10.1016/j.is.2011.01.002",
	url = "http://www.sciencedirect.com/science/article/B6V0G-5207B43-1/2/6c72d07a1d1b1ffbc60688b57f8bd399",
	author = "Gonzalo Navarro and Roberto Uribe-Paredes",
	keywords = "Metric spaces",
	keywords = "Secondary memory",
	keywords = "Similarity search"
}


@INPROCEEDINGS{EGNAT_old,
      AUTHOR = "R. Uribe and G.\ Navarro",
      TITLE = "EGNAT: A Fully Dynamic Metric Access Method for Secondary Memory",
      BOOKTITLE = {Proc. 2nd International Workshop on Similarity Search and Applications (SISAP)},
      YEAR = "2009",
      PAGES = "57--64",
      PUBLISHER = "IEEE CS Press"
}

@inproceedings{egnat06,
   author    = {Uribe, R. and G.\ Navarro and Barrientos, R. and Marin, M.},
   title     = {An Index Data Structure for Searching in Metric Space Databases},
   booktitle = {International Conference on Computational Science (1)},
   year      = {2006},
   pages     = {611-617},
   ee        = {http://dx.doi.org/10.1007/11758501\_82},
   crossref  = {DBLP:conf/iccS/2006-1},
   bibsource = {DBLP, http://dblp.uni-trier.de}
}

@proceedings{DBLP:conf/iccS/2006-1,
   editor    = {Vassil{ }N. Alexandrov and G. Dick van Albada and Peter M. A. Sloot and Jack Dongarra},
   title     = {Computational Science - ICCS 2006, 6th International Conference, Reading, UK, May 28-31, 2006, Proceedings, Part I},
   booktitle = {International Conference on Computational Science (1)},
   publisher = {Springer},
   series    = {Lecture Notes in Computer Science},
   volume    = {3991},
   year      = {2006},
   isbn      = {3-540-34379-2},
   bibsource = {DBLP, http://dblp.uni-trier.de}
}


@inproceedings{SSS_Tree,
   author    = {N. R. Brisaboa and O. Pedreira and D. Seco and R. Solar and R. Uribe},
   title     = {Clustering-Based Similarity Search in Metric Spaces with Sparse Spatial Centers},
   booktitle = {SOFSEM},
   year      = {2008},
   pages     = {186-197},
   ee        = {http://dx.doi.org/10.1007/978-3-540-77566-9\_16},
   crossref  = {DBLP:conf/sofsem/2008},
   bibsource = {DBLP, http://dblp.uni-trier.de}
}

@proceedings{DBLP:conf/sofsem/2008,
   editor    = {Viliam Geffert and Juhani Karhum{\"a}ki and Alberto Bertoni and Bart Preneel and Pavol\ N{\'a}vrat and M{\'a}ria Bielikov{\'a}},
   title     = {SOFSEM 2008: Theory and Practice of Computer Science, 34th Conference on Current Trends in Theory and Practice of Computer Science, Nov{\'y} Smokovec, Slovakia, January 19-25, 2008, Proceedings},
   booktitle = {SOFSEM},
   publisher = {Springer},
   series    = {Lecture Notes in Computer Science},
   volume    = {4910},
   year      = {2008},
   isbn      = {978-3-540-77565-2},
   bibsource = {DBLP, http://dblp.uni-trier.de}
}

@inproceedings{SSS_Index,
   author    = {N. R. Brisaboa and A. Fari{\~n}a and O. Pedreira and N. Reyes},
   title     = {Similarity Search Using Sparse Pivots for Efficient Multimedia Information Retrieval},
   booktitle = {ISM},
   year      = {2006},
   pages     = {881-888},
   ee        = {http://doi.ieeecomputersociety.org/10.1109/ISM.2006.137},
   crossref  = {DBLP:conf/ism/2006},
   bibsource = {DBLP, http://dblp.uni-trier.de}
}

@proceedings{DBLP:conf/ism/2006,
     title     = {Eigth IEEE International Symposium on Multimedia (ISM 2006), 11-13 December 2006, San Diego, CA, USA},
     booktitle = {ISM},
     publisher = {IEEE Computer Society},
     year      = {2006},
     bibsource = {DBLP, http://dblp.uni-trier.de}
}



@book{libroTBB,
   Author = {James Reinders},
   Title = {Intel threading building blocks: outfitting C++ for multi-core processor parallelism},
   Publisher = {O'Reilly},
   Year = {2007}}

@book{libroOpenMP,
   Author = {Barbara Chapman and Gabriele Jost and Ruud van der Pas},
   Title = {Using OpenMP: Portable Shared Memory Parallel Programming},
   Publisher = {The MIT Press},
   Year = {2007}
}

@book{libroPthreads,
   Author = {Bradford\ Nichols and Dick Buttlar and Jacqueline Proulx Farrell},
   Title = {Pthreads Programming: A POSIX Standard for Better Multiprocessing},
   Publisher = {O'Reilly},
   Year = {1996}}

@INPROCEEDINGS{paginaOpenMP, 
TITLE = "The OpenMP API specification for parallel programming",
BOOKTITLE = "http://openmp.org/"
} 

@INPROCEEDINGS{paginaTBB, 
TITLE = "Intel Threading Building Blocks",
BOOKTITLE = "http://www.threadingbuildingblocks.org/"
} 

@INPROCEEDINGS{mtree, 
AUTHOR = "P. Ciaccia and M. Patella and P. Zezula", 
TITLE = "M-tree: An effcient access method for similarity search in metric spacess", 
BOOKTITLE = "The 23st International Conference on VLDB ", 
YEAR = "1997" 
} 
  

@inproceedings{egnat07,
  author    = {M. Marin and
               R. Uribe and
               R. Barrientos},
  title     = {Searching and Updating Metric Space Databases Using the
               Parallel EGNAT},
  booktitle = {International Conference on Computational Science (1)},
  year      = {2007},
  pages     = {229-236}
}

@INPROCEEDINGS{Oscar06,
 author = {N. R. Brisaboa and A. Farina and O. Pedreira and N. Reyes},
 title = {Similarity Search Using Sparse Pivots for Efficient Multimedia Information Retrieval},
 booktitle = {ISM '06: Proceedings of the Eighth IEEE International Symposium on Multimedia},
 year = {2006},
 isbn = {0-7695-2746-9},
 pages = {881--888},
 doi = {http://dx.doi.org/10.1109/ISM.2006.137},
 publisher = {IEEE Computer Society},
 address = {Washington, DC, USA},
 }

@inproceedings{LCSSS08,
     author    = {M. Marin and
                  V. Gil Costa and
                  Carolina Bonacic},
     title     = {A Search Engine Index for Multimedia Content},
     booktitle = {Euro-Par},
     year      = {2008},
     pages     = {866-875},
     ee        = {http://dx.doi.org/10.1007/978-3-540-85451-7\_92},
     crossref  = {DBLP:conf/europar/2008},
     bibsource = {DBLP, http://dblp.uni-trier.de}
}

@proceedings{DBLP:conf/europar/2008,
     editor    = {Emilio Luque and
                  Tom{\`a}s Margalef and
                  Domingo Benitez},
     title     = {Euro-Par 2008 - Parallel Processing, 14th International
        Euro-Par Conference, Las Palmas de Gran Canaria, Spain,
        August 26-29, 2008, Proceedings},
     booktitle = {Euro-Par},
     publisher = {Springer},
     series    = {Lecture Notes in Computer Science},
     volume    = {5168},
     year      = {2008},
     isbn      = {978-3-540-85450-0},
     bibsource = {DBLP, http://dblp.uni-trier.de}
}

@inproceedings{LCpar08,
   author    = {V. Gil Costa and
                M. Marin and
                N. Reyes},
   title     = {An empirical evaluation of a distributed clustering-based
      index for metric space databases},
   booktitle = {ICDE Workshops},
   year      = {2008},
   pages     = {386-393},
   ee        = {http://dx.doi.org/10.1109/ICDEW.2008.4498349},
   crossref  = {DBLP:conf/icde/2008w},
   bibsource = {DBLP, http://dblp.uni-trier.de}
}

@proceedings{DBLP:conf/icde/2008w,
   title     = {Proceedings of the 24th International Conference on Data
      Engineering Workshops, ICDE 2008, April 7-12, 2008, Canc{\'u}n,
      M{\'e}xico},
   booktitle = {ICDE Workshops},
   publisher = {IEEE Computer Society},
   year      = {2008},
   bibsource = {DBLP, http://dblp.uni-trier.de}
}

@inproceedings{SSSpar08,
     author    = {V. Gil Costa and
                  M. Marin},
     title     = {Distributed Sparse Spatial Selection Indexes},
     booktitle = {PDP},
     year      = {2008},
     pages     = {440-444},
     ee        = {http://doi.ieeecomputersociety.org/10.1109/PDP.2008.73},
     crossref  = {DBLP:conf/pdp/2008},
     bibsource = {DBLP, http://dblp.uni-trier.de}
}

@proceedings{DBLP:conf/pdp/2008,
     title     = {16th Euromicro International Conference on Parallel, Distributed
                  and Network-Based Processing (PDP 2008), 13-15 February
                  2008, Toulouse, France},
     booktitle = {PDP},
     publisher = {IEEE Computer Society},
     year      = {2008},
     bibsource = {DBLP, http://dblp.uni-trier.de}
}

@article{Sync_async-2010,
	title = "Sync/Async parallel search for the efficient design and construction of web search engines",
	journal = "Parallel Computing",
	volume = "36",
	number = "4",
	pages = "153 - 168",
	year = "2010",
	note = "",
	issn = "0167-8191",
	doi = "DOI: 10.1016/j.parco.2010.02.001",
	url = "http://www.sciencedirect.com/science/article/B6V12-4YFCF1Y-1/2/1e3db48bfb0b57dba76de04baadf3fff",
	author = "Mauricio Marin and Veronica Gil-Costa and Carolina Bonacic and Ricardo Baeza-Yates and Isaac D. Scherson",
	keywords = "Distributed indexing and parallel query processing",
	keywords = "Information retrieval",
	keywords = "Web search engines",
	keywords = "Parallel and distributed computing"
}

@inproceedings{Sync_Async,
   author    = {M. Marin and
                       V. Gil Costa},
   title     = {(Sync|Async)$^{\mbox{+}}$ MPI Search Engines},
   booktitle = {PVM/MPI},
   year      = {2007},
   pages     = {117-124},
   ee        = {http://dx.doi.org/10.1007/978-3-540-75416-9\_21},
   crossref  = {DBLP:conf/pvm/2007},
   bibsource = {DBLP, http://dblp.uni-trier.de}
}

@proceedings{DBLP:conf/pvm/2007,
   editor    = {Franck Cappello and
                Thomas H{\'e}rault and
                Jack Dongarra},
   title     = {Recent Advances in Parallel Virtual Machine and Message
               Passing Interface, 14th European PVM/MPI User's Group Meeting,
               Paris, France, September 30 - October 3, 2007, Proceedings},
   booktitle = {PVM/MPI},
   publisher = {Springer},
   series    = {Lecture Notes in Computer Science},
   volume    = {4757},
   year      = {2007},
   isbn      = {978-3-540-75415-2},
   bibsource = {DBLP, http://dblp.uni-trier.de}
}

@inproceedings{SATpar05,
   author    = {M. Marin},
   title     = {Range Queries on Distributed Spatial Approximation Trees},
   booktitle = {Databases and Applications},
   year      = {2005},
   pages     = {140-144},
   crossref  = {DBLP:conf/dba/2005},
   bibsource = {DBLP, http://dblp.uni-trier.de}
}

@proceedings{DBLP:conf/dba/2005,
   editor    = {M. H. Hamza},
   title     = {IASTED International Conference on Databases and Applications,
      part of the 23rd Multi-Conference on Applied Informatics,
      Innsbruck, Austria, February 14-16, 2005},
   booktitle = {Databases and Applications},
   publisher = {IASTED/ACTA Press},
   year      = {2005},
   isbn      = {0-88986-462-4},
   bibsource = {DBLP, http://dblp.uni-trier.de}
}



@inproceedings{PCFNwea06,
   !Author = {R. Paredes, E. Ch'avez, K. Figueroa, and G.\ Navarro},
   !Publisher = {Springer},
   Author = {R. Paredes and E. Ch\'avez and K. Figueroa and G.\ Navarro},
   Booktitle = {Proc.~5th Intl.~Workshop on Experimental Algorithms (WEA'06)},
   Date-Added = {2007-12-14 02:33:07 -0300},
   Date-Modified = {2007-12-14 02:33:07 -0300},
   Pages = {85--97},
   Series = {LNCS 4007},
   Title = {Practical Construction of $k$-Nearest Neighbor Graphs in Metric Spaces},
   Year = {2006}}

@inproceedings{Mam05,
   Author = {M. Mamede},
   Booktitle = {Proc.~20th Intl. Symp. on Computer and Information Sciences (ISCIS'05)},
   Date-Added = {2007-12-01 11:53:24 -0300},
   Date-Modified = {2007-12-01 12:44:37 -0300},
   Pages = {843--853},
   Series = {LNCS 3733},
   Title = {Recursive Lists of Clusters: A Dynamic Data Structure for Range Queries in Metric Spaces},
   Year = {2005}}

@article{DGSZ03DIndex,
   Author = {V. Dohnal and C. Gennaro and P. Savino and P. Zezula},
   Date-Added = {2007-11-30 16:11:08 -0300},
   Date-Modified = {2007-11-30 16:19:05 -0300},
   Journal = {Multimedia Tools and Applications},
   Number = {1},
   Pages = {9--33},
   Title = {D-Index: Distance Searching Index for Metric Data Sets},
   Volume = {21},
   Year = {2003}}

@article{CN04prl,
   Author = {E. Ch{\'a}vez and G.\ Navarro},
   Date-Added = {2007-11-30 13:12:11 -0300},
   Date-Modified = {2007-11-30 13:12:11 -0300},
   Journal = {Pattern Recognition Letters},
   Keywords = {similarity searching},
   Number = 9,
   Pages = {1363--1376},
   Title = {A Compact Space Decomposition for Effective Metric Indexing},
   Volume = 26,
   Year = 2005}

@inproceedings{BBKK01,
   Author = {C. B\"ohm and B. Braunm\"uller and F. Krebs and H.-P. Kriegel},
   Booktitle = {Proc. 2001 ACM SIGMOD Int. Conf. on Management of Data (SIGMOD'01)},
   Date-Added = {2007-11-30 02:43:00 -0300},
   Date-Modified = {2007-11-30 02:57:39 -0300},
   Pages = {379--388},
   Title = {Epsilon Grid Order: an Algorithm for the Similarity Join on Massive High-Dimensional Data},
   Year = {2001}}

@inproceedings{BKS93,
   Author = {T. Brinkhoff and H.-P. Kriegel and B. Seeger},
   Booktitle = {Proc. 1993 ACM SIGMOD Intl. Conf. on Management of Data (SIGMOD'93)},
   Date-Added = {2007-11-30 02:42:59 -0300},
   Date-Modified = {2007-11-30 02:58:29 -0300},
   Pages = {237--246},
   Title = {Efficient processing of spatial joins using {R}-trees},
   Year = {1993}}

@inproceedings{KP03,
   Author = {D. V. Kalashnikov and S. Prabhakar},
   Booktitle = {Proc.~8th Intl. Conf. on Database Systems for Advanced Applications (DASFAA'03)},
   Date-Added = {2007-11-30 02:34:15 -0300},
   Date-Modified = {2007-11-30 02:39:03 -0300},
   Pages = {7--16},
   Title = {Similarity join for low- and high- dimensional data},
   Year = {2003}}

@inproceedings{DGZ03,
   Author = {V. Dohnal and C. Gennaro and P. Zezula},
   Booktitle = {Proc.~14th Intl.~Conf.~on Database and Expert Systems Applications (DEXA'03)},
   Date-Added = {2007-11-30 02:02:12 -0300},
   Date-Modified = {2007-11-30 16:20:51 -0300},
   Pages = {484--493},
   Series = {LNCS 2736},
   Title = {Similarity join in metric spaces using {eD}-index},
   Year = {2003}}

@inproceedings{DGSZ03,
   Author = {V. Dohnal and C. Gennaro and P. Savino and P. Zezula},
   Booktitle = {Proc.~25th European Conf.~on IR Research (ECIR'03)},
   Date-Added = {2007-11-30 01:51:55 -0300},
   Date-Modified = {2007-11-30 16:20:46 -0300},
   Pages = {452--467},
   Series = {LNCS 2633},
   Title = {Similarity join in metric spaces},
   Year = {2003}}

@article{hs03,
   Author = {G. Hjaltason and H. Samet},
   Date-Added = {2007-11-26 10:42:05 -0300},
   Date-Modified = {2007-11-26 10:42:05 -0300},
   Journal = {ACM Trans.~on Database Systems},
   Number = {4},
   Pages = {517--580},
   Publisher = {ACM Press},
   Title = {Index-driven similarity search in metric spaces},
   Volume = {28},
   Year = {2003}}

@book{libroEM,
   !Author = {Pavel Zezula and Giuseppe Amato and Vlastislav Dohnal and Michal Batko},
   Author = {P. Zezula and G. Amato and V. Dohnal and M. Batko},
   Date-Added = {2007-11-26 10:39:38 -0300},
   Date-Modified = {2007-11-26 10:39:38 -0300},
   Keywords = {similarity searching},
   Publisher = {Springer},
   Series = {Advances in Database Systems},
   Title = {Similarity Search - The Metric Space Approach},
   Volume = {32},
   Year = {2006}}

@Article{JDA09,
  author =   {G.V. Costa and M. Marin and N. Reyes},
  title =    {Parallel query processing on distributed clustering indexes},
  journal =  {Journal of Discrete Algorithms (Elsevier)},
  volume  = {7},
  pages =    {3-17},  
  year =  {2009}
}
@book{Sam06,
   Address = {New York},
   Author = {H. Samet},
   Date-Added = {2007-11-26 10:39:20 -0300},
   Date-Modified = {2007-11-26 10:39:20 -0300},
   Publisher = {Morgan Kaufmann},
   Read = {Yes},
   Title = {Foundations of {M}ultidimensional and {M}etric {D}ata {S}tructures},
   Year = {2006}}

@article{CNBYMacmcs01.2,
   !Author = {E. Ch{\'a}vez and G.\ Navarro and R. Baeza-Yates and ! Jos{\'e} Luis Marroqu{\'\i}n},
   !Month = sep,
   Author = {E. Ch\'avez and G.\ Navarro and R. Baeza-Yates and J. L. Marroqu{\'{\i}}n},
   Date-Added = {2007-11-26 10:02:49 -0300},
   Date-Modified = {2007-11-26 10:02:49 -0300},
   Journal = {ACM Computing Surveys},
   Keywords = {Metric Spaces, similarity searching},
   Number = 3,
   Pages = {273--321},
   Title = {Proximity Searching in Metric Spaces},
   Volume = 33,
   Year = 2001}


@Article{NavVLDB02,
        author = {G.\ Navarro},
        journal = {The Very Large Databases Journal (VLDBJ)},
        title = {Searching in metric spaces by spatial 
approximation},
        YEAR = {2002},
        volume = {11},
        number = {1},
        pages = {28--46}
}

@InProceedings{GNAT,
  author = 	 {Sergei Brin},
  title = 	 {Near Neighbor Search in Large Metric Spaces.},
  booktitle = 	 {the 21st VLDB Conference},
  OPTcrossref =  {},
  OPTkey = 	 {},
  pages = 	 {574--584},
  year = 	 {1995},
  OPTeditor = 	 {},
  OPTvolume = 	 {},
  OPTnumber = 	 {},
  OPTseries = 	 {},
  OPTaddress = 	 {},
  OPTmonth = 	 {},
  OPTorganization = {},
  publisher = {Morgan Kaufmann Publishers},
  OPTnote = 	 {},
  OPTannote = 	 {}
}

@InProceedings{CPZ97,
  author = 	 {P. Ciaccia and M. Patella and P. Zezula},
  title = 	 {M-tree : An efficient access method for similarity search in metric spaces.},
  booktitle = 	 {the 23st International Conference on VLDB},
  OPTcrossref =  {},
  OPTkey = 	 {},
  pages = 	 {426--435},
  year = 	 {1997},
  OPTeditor = 	 {},
  OPTvolume = 	 {},
  OPTnumber = 	 {},
  OPTseries = 	 {},
  OPTaddress = 	 {},
  OPTmonth = 	 {},
  OPTorganization = {},
  OPTpublisher = {},
  OPTnote = 	 {},
  OPTannote = 	 {}
}


@Article{Codd70,
  author = 	 {E. F. Codd},
  title = 	 {A Relational Model of Data for Large Shared Data Bank},
  journal = 	 {Communications of ACM},
  year = 	 {1970},
  key = 	 {Codd70},
  volume = 	 {13},
  number = 	 {6},
  pages = 	 {377--387},
  month = 	 {June},
  OPTnote = 	 {},
  OPTannote = 	 {}
}

@ARTICLE{sa-tree,
	AUTHOR = "G. Navarro",
	JOURNAL = "The Very Large Databases Journal (VLDBJ)",
	TITLE = "Searching in metric spaces by spatial approximation",
	YEAR = "2002",
	VOLUME = 11,
	NUMBER = 1,
	PAGES = "28--46"
}


@InProceedings{sa-tree_old,
  author = 	 {G.\ Navarro},
  title = 	 {Searching in Metric Spaces by Spatial Approximation.},
  booktitle = 	 {String Processing and Information Retrieval (SPIRE'99)},
  OPTcrossref =  {},
  OPTkey = 	 {},
  OPTpages = 	 {141--148},
  year = 	 {1999},
  OPTeditor = 	 {},
  OPTvolume = 	 {},
  OPTnumber = 	 {},
  OPTseries = 	 {},
  address = 	 {Canc'un, M'exico},
  month = 	 {Setiembre},
  OPTorganization = {},
  publisher = {IEEE CS Pres},
  OPTnote = 	 {},
  OPTannote = 	 {}
}

@ARTICLE {NavACMcs01.1,
  TITLE = {A Guided Tour to Approximate String Matching},
  AUTHOR = {G.\ Navarro},
  JOURNAL = {ACM Computing Surveys},
  YEAR = {2001},
  VOLUME = {33},
  NUMBER = {1},
  PAGES = {31--88}
}

@InProceedings{NR02,
  author = 	 {G.\ Navarro and N. Reyes},
  title = 	 {Fully dynamic spatial approximation trees.},
  booktitle = 	 {the 9th International Symposium on String Processing and Information Retrieval (SPIRE 2002)},
  OPTcrossref =  {},
  OPTkey = 	 {},
  pages = 	 {254--270},
  year = 	 {2002},
  OPTeditor = 	 {},
  OPTvolume = 	 {},
  OPTnumber = 	 {},
  OPTseries = 	 {},
  OPTaddress = 	 {},
  month = 	 {Springer},
  OPTorganization = {},
  OPTpublisher = {},
  OPTnote = 	 {},
  OPTannote = 	 {}
}

@Article{BK73,
  author = 	 {W. Burkhard and R. Keller},
  title = 	 {Some Approaches to best-match File Searching.},
  journal = 	 {Communication of ACM},
  year = 	 {1973},
  OPTkey = 	 {},
  volume = 	 {16},
  number = 	 {4},
  pages = 	 {230--236},
  OPTmonth = 	 {},
  OPTnote = 	 {},
  OPTannote = 	 {}
}

@InProceedings{Uhl91,
  author = 	 {J. Uhlmann},
  title = 	 {Satisfying general proximity/similarity queries 
with Metric Trees.},
  booktitle = 	 {Information Processing Letters},
  OPTcrossref =  {},
  OPTkey = 	 {},
  pages = 	 {40:175--179},
  year = 	 {1991},
  OPTeditor = 	 {},
  OPTvolume = 	 {},
  OPTnumber = 	 {},
  OPTseries = 	 {},
  OPTaddress = 	 {},
  OPTmonth = 	 {},
  OPTorganization = {},
  OPTpublisher = {},
  OPTnote = 	 {},
  OPTannote = 	 {}
}


@InProceedings{BCMW94,
  author = 	 {R. Baeza-Yates and W. Cunto and U. Manber and  
S. Wu},
  title = 	 {Proximity Matching using fixedqueries trees.},
  booktitle = 	 {5th Combinatorial Pattern Matching (CPM'94)},
  OPTcrossref =  {},
  OPTkey = 	 {},
  pages = 	 {198--212},
  year = 	 {1994},
  OPTeditor = 	 {},
  OPTvolume = 	 {},
  OPTnumber = 	 {},
  series = 	 {LNCS 807},
  OPTaddress = 	 {},
  OPTmonth = 	 {},
  OPTorganization = {},
  OPTpublisher = {},
  OPTnote = 	 {},
  OPTannote = 	 {}
}



@InProceedings{BO97,
  author = 	 {T. Bozkaya and M. Ozsoyoglu},
  title = 	 {Distance-based Indexing for High-dimensional Metric Spaces},
  OPTcrossref =  {},
  OPTkey = 	 {},
  booktitle = {ACM Conference on Management of Data (ACM SIGMOD'97)},
  pages = 	 {357--368},
  year = 	 {1997},
  OPTeditor = 	 {},
  OPTvolume = 	 {},
  OPTnumber = 	 {},
  series = 	 {Sigmod Record 26(2)},
  OPTaddress = 	 {},
  OPTmonth = 	 {},
  OPTorganization = {},
  OPTpublisher = {},
  OPTnote = 	 {},
  OPTannote = 	 {}
}

@InProceedings{BY97,
  author = 	 {R. Baeza-Yates},
  title = 	 {Searching: An Algorithmic Tour},
  OPTcrossref =  {},
  OPTkey = 	 {},
  booktitle = {Encyclopedia of Computer Science and Technology},
  pages = 	 {331--359},
  year = 	 {1997},
  editor = 	 {A. Kent and J. Williams},
  volume = 	 {37},
  OPTnumber = 	 {},
  OPTseries = 	 {},
  OPTaddress = 	 {},
  OPTmonth = 	 {},
  organization = {Marcel Dekker Inc.},
  OPTpublisher = {},
  OPTnote = 	 {},
  OPTannote = 	 {}
}



@InProceedings{BN98,
  author = 	 {R. Baeza-Yates and G.\ Navarro},
  title = 	 {Fast Approximate String Matching in a Dictionary},
  OPTcrossref =  {},
  OPTkey = 	 {},
  booktitle = {5th South American Symposium on String Processing and Information Retrieval (SPIRE'98)},
  pages = 	 {14--22},
  year = 	 {1998},
  OPTeditor = 	 {},
  OPTvolume = 	 {},
  OPTnumber = 	 {},
  OPTseries = 	 {},
  OPTaddress = 	 {},
  OPTmonth = 	 {},
  organization = {IEEE CS Press},
  OPTpublisher = {},
  OPTnote = 	 {},
  OPTannote = 	 {}
}

@InProceedings{Ben75,
  author = 	 {J. Bentley},
  title = 	 {Multidimensional Binary Search Trees used for 
associative searching.},
  booktitle = 	 {Communications of the ACM},
  OPTcrossref =  {},
  OPTkey = 	 {},
  pages = 	 {18(9):509--517},
  year = 	 {1975},
  OPTeditor = 	 {},
  OPTvolume = 	 {},
  OPTnumber = 	 {},
  OPTseries = 	 {},
  OPTaddress = 	 {},
  OPTmonth = 	 {},
  OPTorganization = {},
  OPTpublisher = {},
  OPTnote = 	 {},
  OPTannote = 	 {}
}

@InProceedings{Ben79,
  author =       {J. Bentley},
  title =        {Multidimensional Binary Search trees in database 
applications.},
  booktitle =    {IEEE Trans. on Software Engineering},
  OPTcrossref =  {},
  OPTkey =       {},
  pages =        {5(4):333--340},
  year =         {1979},
  OPTeditor =    {},
  OPTvolume =    {},
  OPTnumber =    {},
  OPTseries =    {},
  OPTaddress =   {},
  OPTmonth =     {},
  OPTorganization = {},
  OPTpublisher = {},
  OPTnote =      {},
  OPTannote =    {}
}


@InProceedings{BKK96,
  author = 	 {S. Berchtold and D. Keim and H. Kriegel},
  title = 	 {The X-tree: an index structure for high-dimensional 
data.},
  booktitle = 	 {Proc. 22nd Conference on Very Large Database 
(VLDB'96) },
  OPTcrossref =  {},
  OPTkey = 	 {},
  pages = 	 {28--39},
  year = 	 {1996},
  OPTeditor = 	 {},
  OPTvolume = 	 {},
  OPTnumber = 	 {},
  OPTseries = 	 {},
  OPTaddress = 	 {},
  OPTmonth = 	 {},
  OPTorganization = {},
  OPTpublisher = {},
  OPTnote = 	 {},
  OPTannote = 	 {}
}

@Book{BYRN99,
  author = 	 {R. Baeza-Yates and B. Ribeiro-Neto},
  title = 	 {Modern Information Retrieval},
  publisher = 	 {Addison-Wesley},
  year = 	 {1999},
}


@InProceedings{CMBY99,
  author = 	 {E. Ch'avez and J. Marroqu'in and R. Baeza-Yates},
  title = 	 {Spaghettis: An Array Based Algorithm for Similarity Queries in Metric Spaces},
  OPTcrossref =  {},
  OPTkey = 	 {},
  booktitle = {6th International Symposium on String Processing and Information Retrieval (SPIRE'99)},
  pages = 	 {38--46},
  year = 	 {1999},
  OPTeditor = 	 {},
  OPTvolume = 	 {},
  OPTnumber = 	 {},
  OPTseries = 	 {},
  OPTaddress = 	 {},
  OPTmonth = 	 {},
  organization = {IEEE CS Press},
  OPTpublisher = {},
  OPTnote = 	 {},
  OPTannote = 	 {}
}

@InProceedings{dimension1,
  author = 	 {E. Ch'avez and G.\ Navarro and R. 
Baeza-Yates and Jos'e L. Marroqu'in},
  title = 	 {Searching in Metric Spaces},
  booktitle = 	 {ACM Computing Surveys},
  pages = 	 {33(3):273--321},
  year = 	 {2001},
  month = 	 {September}
}

@article{dimension2,
   title={Measuring the dimensionality of general metric spaces},
   author={Ch'avez, E. and G.\ Navarro},
   journal={Department of Computer Science, University of Chile, Tech. Rep. TR/DCC-00-1},
   year={2000}
}



@Article{CMN01,
  author = 	 {E. Ch'avez and J. Marroqu'in and G.\ Navarro},
  title = 	 {Fixed Queries Array: A fast and economical data structure for proximity searching},
  journal = 	 {Multimedia Tools and Applications},
  year = 	 {2001},
  OPTkey = 	 {},
  volume = 	 {14},
  number = 	 {2},
  pages = 	 {113--135},
  OPTmonth = 	 {},
  OPTnote = 	 {},
  OPTannote = 	 {}
}

@InProceedings{Cha94,
  author =       {B. Chazelle},
  title =        {Computational Geometry: A Retrospective.},
  booktitle =    {26th ACM Symposium on the Theory of Computing 
(STOC'94)},
  OPTcrossref =  {},
  OPTkey =       {},
  pages =        {75--94},
  year =         {1994},
  OPTeditor =    {},
  OPTvolume =    {},
  OPTnumber =    {},
  OPTseries =    {},
  OPTaddress =   {},
  OPTmonth =     {},
  OPTorganization = {},
  OPTpublisher = {},
  OPTnote =      {},
  OPTannote =    {}
}

@InProceedings{Chi94,
  author = 	 {T. Chiuch},
  title = 	 {Content-based image indexing},
  OPTcrossref =  {},
  OPTkey = 	 {},
  booktitle = {The 20th Conference on Very Large Databases (VLDB'94)},
  pages = 	 {582--593},
  year = 	 {1994},
  OPTeditor = 	 {},
  OPTvolume = 	 {},
  OPTnumber = 	 {},
  OPTseries = 	 {},
  OPTaddress = 	 {},
  OPTmonth = 	 {},
  OPTorganization = {},
  OPTpublisher = {},
  OPTnote = 	 {},
  OPTannote = 	 {}
}

@Article{DN87,
  author = 	 {F. Dehne and H.\ Noltemeier},
  title = 	 {Voronoi Trees and Clustering Problems},
  journal = 	 {Informations Systems},
  year = 	 {1987},
  OPTkey = 	 {},
  volume = 	 {12},
  number = 	 {2},
  pages = 	 {171--175},
  OPTmonth = 	 {},
  OPTnote = 	 {},
  OPTannote = 	 {}
}

@InProceedings{Gut84,
  author =       {A. Guttman},
  title =        {The R-trees: a dynamic index structure for 
spatial search.},
  booktitle =    {Proc. ACM SIGMOD International Conference on 
Management of Data},
  OPTcrossref =  {},
  OPTkey =       {},
  pages =        {47--57},
  year =         {1984},
  OPTeditor =    {},
  OPTvolume =    {},
  OPTnumber =    {},
  OPTseries =    {},
  OPTaddress =   {},
  OPTmonth =     {},
  OPTorganization = {},
  OPTpublisher = {},
  OPTnote =      {},
  OPTannote =    {}
}

@InProceedings{LC,
  author = 	 {E. Ch'avez and G.\ Navarro},
  title = 	 {An effective Clustering Algorithm to index High Dimensional Metric Spaces},
  OPTcrossref =  {},
  OPTkey = 	 {},
  booktitle = {The 7th International Symposium on String Processing and Information Retrieval (SPIRE'2000)},
  pages = 	 {75--86},
  year = 	 {2000},
  OPTeditor = 	 {},
  OPTvolume = 	 {},
  OPTnumber = 	 {},
  OPTseries = 	 {},
  OPTaddress = 	 {},
  OPTmonth = 	 {},
  organization = {IEEE CS Press},
  OPTpublisher = {},
  OPTnote = 	 {},
  OPTannote = 	 {}
}


@InProceedings{HNP95,
  author = 	 {J. M. Hellertein and J. F.\ Naughton and A. Pfeffer},
  title = 	 {Generalized Search Trees for Databases Systems},
  OPTcrossref =  {},
  OPTkey = 	 {},
  booktitle = {21st Conference on Very Large Databases (VLDB)},
  OPTpages = 	 {},
  year = 	 {1995},
  OPTeditor = 	 {},
  OPTvolume = 	 {},
  OPTnumber = 	 {},
  OPTseries = 	 {},
  address = 	 {Zurich, Switzerland},
  OPTmonth = 	 {},
  OPTorganization = {},
  OPTpublisher = {},
  OPTnote = 	 {},
  OPTannote = 	 {}
}

@article{HS99,
 author = {Gisli R. Hjaltason and Hanan Samet},
 title = {Distance browsing in spatial databases},
 journal = {ACM Trans. Database Syst.},
 volume = {24},
 number = {2},
 year = {1999},
 issn = {0362-5915},
 pages = {265--318},
 doi = {http://doi.acm.org/10.1145/320248.320255},
 publisher = {ACM Press}
 }
 
@article{HS03,
 author = {Gisli R. Hjaltason and Hanan Samet},
 title = {Index-driven similarity search in metric spaces},
 journal = {ACM Transaction on Database System},
 volume = {28},
 number = {4},
 year = {2003},
 issn = {0362-5915},
 pages = {517--580},
 doi = {http://doi.acm.org/10.1145/958942.958948},
 publisher = {ACM Press}
 }

@Article{KM83,
  author = 	 {I. Kalantari and G. McDonald},
  title = 	 {A Data Structure and an Algorithm for the Nearest Point Problem},
  journal = 	 {IEEE Transactions on Software Engineering},
  year = 	 {1983},
  OPTkey = 	 {},
  volume = 	 {9},
  number = 	 {5},
  OPTpages = 	 {},
  OPTmonth = 	 {},
  OPTnote = 	 {},
  OPTannote = 	 {}
}


@Article{KJF94,
  author = 	 {King-Ip Lin and H. Jagadish and C. Faloutsos},
  title = 	 {The TV-trees - An Index Structure for High-Dimensional Data},
  journal = 	 {The Very Large Databases Journal (VLDBJ)},
  year = 	 {1994},
  OPTkey = 	 {},
  volume = 	 {3},
  OPTnumber = 	 {},
  pages = 	 {517-542},
  month = 	 {Oct.},
  OPTnote = 	 {},
  OPTannote = 	 {}
}

@Article{MOC96,
  author = 	 {L. Mic'o and J. Oncina and R. Carrasco},
  title = 	 {A Fast Branch and Bound Nearest Neighbor Classifier in Metric Spaces},
  journal = 	 {Pattern Recognition Letters},
  year = 	 {1996},
  OPTkey = 	 {},
  volume = 	 {17},
  OPTnumber = 	 {},
  pages = 	 {731--739},
  OPTmonth = 	 {},
  OPTnote = 	 {},
  OPTannote = 	 {}
}

@Article{MOV94,
  author = 	 {L. Mic'o and J. Oncina and E. Vidal},
  title = 	 {A New Version of the Nearest-Neighbor Approximating and eliminating Search (AESA) with linear Preprocessing-time and Memory Requirements},
  journal = 	 {Pattern Recognition Letters},
  year = 	 {1994},
  OPTkey = 	 {},
  volume = 	 {15},
  OPTnumber = 	 {},
  pages = 	 {9--17},
  OPTmonth = 	 {},
  OPTnote = 	 {},
  OPTannote = 	 {}
}

@Article{NN97,
  author =   {S.\ Nene and S.\ Nayar},
  title = 	 {A Simple Algorithm for Nearest Neighbor Search in High Dimensions},
  journal = 	 {IEEE Transactions on Pattern Analysis and Machine Intelligence},
  year = 	 {1997},
  OPTkey = 	 {},
  volume = 	 {19},
  number = 	 {9},
  pages = 	 {989--1003},
  OPTmonth = 	 {},
  OPTnote = 	 {},
  OPTannote = 	 {}
}


@InProceedings{Nol89,
  author = 	 {H.\ Noltemeier},
  title = 	 {Voronoi Trees and Applications},
  OPTcrossref =  {},
  OPTkey = 	 {},
  booktitle = {International WorkShop on Discrete Algorithms and Complexity},
  pages = 	 {69--74},
  year = 	 {1989},
  OPTeditor = 	 {},
  OPTvolume = 	 {},
  OPTnumber = 	 {},
  OPTseries = 	 {},
  address = 	 {Fukuoka, Japan},
  OPTmonth = 	 {},
  OPTorganization = {},
  OPTpublisher = {},
  OPTnote = 	 {},
  OPTannote = 	 {}
}

@InProceedings{NVZ92,
  author = 	 {H.\ Noltemeier and K. Verbarg and C. Zirkelbach},
  title = 	 {Monotonous Bisector* Trees - A tool for Efficient Partitioning of Complex Schemes of Geometric Object},
  OPTcrossref =  {},
  OPTkey = 	 {},
  booktitle = {Data Structures and Efficient Algorithms},
  pages = 	 {186--203},
  year = 	 {1992},
  OPTeditor = 	 {},
  OPTvolume = 	 {},
  OPTnumber = 	 {},
  series = 	 {LNCS 594},
  OPTaddress = 	 {},
  month = 	 {Springer-Verlag},
  OPTorganization = {},
  OPTpublisher = {},
  OPTnote = 	 {},
  OPTannote = 	 {}
}

@PhdThesis{Pat99,
  author = 	 {Marco Patella},
  title = 	 {Similarity Search in Multimedia Databases},
  school = 	 {Dipartamento di Electtronica Informatica e Sistemisca, Universit\`{a} degli Studi di Bologna, Bologna, Italy},
  year = 	 {1999},
  OPTkey = 	 {},
  OPTtype = 	 {},
  OPTaddress = 	 {},
  OPTmonth = 	 {},
  OPTnote = 	 {},
  OPTannote = 	 {}
}

@InProceedings{Sam84,
  author =       {H. Samet},
  title =        {The Quadtree and related hierarchical data structures.},
  booktitle =    {ACM Computing Surveys},
  OPTcrossref =  {},
  OPTkey =       {},
  pages =        {16(2):187--260},
  year =         {1984},
  OPTeditor =    {},
  OPTvolume =    {},
  OPTnumber =    {},
  OPTseries =    {},
  OPTaddress =   {},
  OPTmonth =     {},
  OPTorganization = {},
  OPTpublisher = {},
  OPTnote =      {},
  OPTannote =    {}
}

@Article{Sha77,
  author = 	 {M. Shapiro},
  title = 	 {The Choice of Reference Points in Best-match file Searching},
  journal = 	 {Communications of ACM},
  year = 	 {1977},
  OPTkey = 	 {},
  volume = 	 {20},
  number = 	 {5},
  pages = 	 {339--343},
  OPTmonth = 	 {},
  OPTnote = 	 {},
  OPTannote = 	 {}
}

@MastersThesis{Rey02,
  author = 	 {N. Reyes},
  title = 	 {'Indices Din'amicos para Espacios M'etricos de Alta 
Dimensionalidad},
  school = 	 {Universidad Nacional de San Luis, Argentina},
  year = 	 {2002},
  OPTkey = 	 {},
  OPTtype = 	 {},
  OPTaddress = 	 {},
  OPTmonth = 	 {},
  OPTnote = 	 {},
  OPTannote = 	 {}
}

@InProceedings{TTSF00,
  author = 	 {Caetano Traina and Agma Traina and Bernhard Seeger and Christos Faloutsos },
  title = 	 {Slim-trees: High Performance Metric trees Minimizing Overlap Between Nodes},
  OPTcrossref =  {},
  OPTkey = 	 {},
  booktitle = {VII International Conference on Extending Database Technology},
  pages = 	 {51--61},
  year = 	 {2000},
  OPTeditor = 	 {},
  OPTvolume = 	 {},
  OPTnumber = 	 {},
  OPTseries = 	 {},
  OPTaddress = 	 {},
  OPTmonth = 	 {},
  OPTorganization = {},
  OPTpublisher = {},
  OPTnote = 	 {},
  OPTannote = 	 {}
}

@Article{Ver95,
  author = 	 {K. Verbarg},
  title = 	 {The C-Tree: A Dinamically Balanced Spatial Index},
  journal = 	 {Computing Suppl.},
  year = 	 {1995},
  OPTkey = 	 {},
  volume = 	 {10},
  OPTnumber = 	 {},
  pages = 	 {323--340},
  OPTmonth = 	 {},
  OPTnote = 	 {},
  OPTannote = 	 {}
}

@Article{Vid86,
  author = 	 {E. Vidal},
  title = 	 {An Algorithm for Finding Nearest Neighbor in (approximately) constant average time},
  journal = 	 {Pattern Recognition Letters},
  year = 	 {1986},
  OPTkey = 	 {},
  volume = 	 {4},
  OPTnumber = 	 {},
  Pages = 	 {145-157},
  OPTmonth = 	 {},
  OPTnote = 	 {},
  OPTannote = 	 {}
}

@InProceedings{Yia93,
  author = 	 {P. Yianilos},
  title = 	 {Data Structures and Algoritms for Nearest 
Neighbor search in General Metric Spaces.},
  booktitle = 	 {4th ACM-SIAM Symposium on Discrete Algorithms 
(SODA'93)},
  OPTcrossref =  {},
  OPTkey = 	 {},
  pages = 	 {311--321},
  year = 	 {1993},
  OPTeditor = 	 {},
  OPTvolume = 	 {},
  OPTnumber = 	 {},
  OPTseries = 	 {},
  OPTaddress = 	 {},
  OPTmonth = 	 {},
  OPTorganization = {},
  OPTpublisher = {},
  OPTnote = 	 {},
  OPTannote = 	 {}
}

@InProceedings{Yia99,
  author = 	 {P. Yianilos},
  title = 	 {Excluded Middle Vantage Point Forests for Nearest Neighbor Search},
  OPTcrossref =  {},
  OPTkey = 	 {},
  booktitle = {DIMACS Implementation Challenge, ALENEX'99},
  OPTpages = 	 {},
  year = 	 {1999},
  OPTeditor = 	 {},
  OPTvolume = 	 {},
  OPTnumber = 	 {},
  OPTseries = 	 {},
  address = 	 {Baltimore, MD},
  OPTmonth = 	 {},
  OPTorganization = {},
  OPTpublisher = {},
  OPTnote = 	 {},
  OPTannote = 	 {}
}

@InProceedings{Yia00,
  author = 	 {P. Yianilos},
  title = 	 {Locally Lifting the Curse of Dimensionality for Nearest Neighbor Search},
  OPTcrossref =  {},
  OPTkey = 	 {},
  booktitle = {11th ACM-SIAM Symposium on Discrete Algorithms (SODA'00)},
  OPTpages = 	 {},
  year = 	 {2000},
  OPTeditor = 	 {},
  OPTvolume = 	 {},
  OPTnumber = 	 {},
  OPTseries = 	 {},
  OPTaddress = 	 {},
  OPTmonth = 	 {},
  OPTorganization = {},
  OPTpublisher = {},
  OPTnote = 	 {},
  OPTannote = 	 {}
}

@INPROCEEDINGS{UNenc03,
  AUTHOR = "R. Uribe and G.\ Navarro",
  TITLE = "Una Estructura Din'amica para B'usqueda en Espacios M'etricos",
  BOOKTITLE = "Actas de las XI Jornadas Chilenas de Computaci'on",
  YEAR = "2003",
  ADDRESS = "Chill\'an, Chile",
  NOTE = "In Spanish. In CD-ROM"
}

@MastersThesis{Uri05,
  author = 	 {R. Uribe},
  title = 	 {Manipulaci'on de Estructuras M'etricas en Memoria Secundaria},
  school = 	 {Facultad de Ciencias F'isicas y Matem'aticas, Universidad de Chile},
  year = 	 {2005},
  OPTkey = 	 {},
  OPTtype = 	 {},
  address = 	 {Santiago, Chile},
  month = 	 {Abril},
  OPTnote = 	 {},
  OPTannote = 	 {}
}


@INPROCEEDINGS{cuda,
TITLE = "CUDA: Compute Unified Device Architecture",
BOOKTITLE = "\textcopyright 2007 NVIDIA Corporation",
year         = "2017"
} 

@book{Knu73,
	author = {Donald Ervin Knuth},
	title = {The Art of Computer Programming},
	volume = {3},
	publisher = {Addison-Wesley},
	year = {1973},
}

@INPROCEEDINGS{Bar10,
  AUTHOR = "R.J. Barrientos and J.I. G'omez and C. Tenllado and M. Prieto",
  TITLE = "Heap-Based k-Nearest Neighbor Search on GPUs",
  BOOKTITLE = "XXI Jornadas de Paralelismo",
  YEAR = "2010",
  ADDRESS = "Valencia, Espa~na",
}

@article{quicksort,
	author = {Hoare, C. A. R.}, 
	title = {Quicksort}, 
	volume = {5}, 
	number = {1}, 
	pages = {10-16}, 
	year = {1962}, 
	doi = {10.1093/comjnl/5.1.10}, 
	abstract ={A description is given of a new method of sorting in the random-access store of a computer. The method compares very favourably with other known methods in speed, in economy of storage, and in ease of programming. Certain refinements of the method, which may be useful in the optimization of inner loops, are described in the second part of the paper.}, 
	URL = {http://comjnl.oxfordjournals.org/content/5/1/10.abstract}, 
	eprint = {http://comjnl.oxfordjournals.org/content/5/1/10.full.pdf+html}, 
	journal = {The Computer Journal} 
}

@conference{radixsort_GPU,
	title={{Designing efficient sorting algorithms for manycore GPUs}},
	author={Satish, N. and Harris, M. and Garland, M.},
	booktitle={Parallel \& Distributed Processing, 2009. IPDPS 2009. IEEE International Symposium on},
	pages={1--10},
	year={2009},
	organization={IEEE}
}


@INPROCEEDINGS{Kuang09,
   author = {Quansheng Kuang and Lei Zhao},
   title = {A Practical GPU Based KNN Algorithm},
   journal ={International Symposium on Computer Science and Computational Technology (ISCSCT)},
   isbn = {978-952-5726-07-7},
   year = {2009},
   pages = {151-155},
   address = {Huangshan, China},
}


@article{Bau08,
   author = {Vincent Garcia and Eric Debreuve and Michel Barlaud},
   title = {Fast k nearest neighbor search using GPU},
   journal ={Computer Vision and Pattern Recognition Workshop},
   volume = {0},
   isbn = {978-1-4244-2339-2},
   year = {2008},
   pages = {1-6},
   doi = {http://doi.ieeecomputersociety.org/10.1109/CVPRW.2008.4563100},
   publisher = {IEEE Computer Society},
   address = {Los Alamitos, CA, USA},
}

@article{gpu-quicksort,
   author = {Cederman, Daniel and Tsigas, Philippas},
   title = {GPU-Quicksort: A practical Quicksort algorithm for graphics processors},
   journal = {J. Exp. Algorithmics},
   volume = {14},
   year = {2009},
   issn = {1084-6654},
   pages = {1.4--1.24},
   doi = {http://doi.acm.org/10.1145/1498698.1564500},
   publisher = {ACM},
   address = {New York, NY, USA},
}

@INPROCEEDINGS{Bus06,
abstract= {exhasutivo. calculan todas las distancias y buscan SOLO el minimo. Usa texturas, SIN CUDA},
   author = {Benjamin Bustos and Oliver Deussen and Stefan Hiller and Daniel Keim},
   title = {A graphics hardware accelerated algorithm for nearest neighbor search},
   booktitle = {Computational Science (ICCS)},
   volume={3994},
   year = {2006},
   pages = {196--199},
   publisher = {Springer}
}

@article{gpu_radixsort,
   author = {Nadathur Satish and Mark Harris and Michael Garland},
   title = {Designing efficient sorting algorithms for manycore GPUs},
   journal ={Parallel and Distributed Processing Symposium, International},
   volume = {0},
   isbn = {978-1-4244-3751-1},
   year = {2009},
   pages = {1-10},
   doi = {http://doi.ieeecomputersociety.org/10.1109/IPDPS.2009.5161005},
   publisher = {IEEE Computer Society},
   address = {Los Alamitos, CA, USA},
}

@conference{edit_distance,
	title={{Binary codes capable of correcting deletions, insertions, and reversals}},
	author={Levenshtein, V.I.},
	booktitle={Soviet Physics Doklady},
	volume={10},
	number={8},
	pages={707--710},
	year={1966}
}


@TECHREPORT{Gov05,
   author = {Naga K. Govindaraju and Nikunj Raghuvanshi and Michael Henson and David Tuft and Dinesh Manocha},
   title = {A cache-efficient sorting algorithm for database and data mining computations using graphics processors},
   institution = {},
   year = {2005}
}

@inproceedings{Marin09_P2P,
	author    = {Mauricio Mar\'{\i}n and
		Veronica Gil Costa and
			Cecilia Hern{\'a}ndez},
	title     = {Dynamic P2P Indexing and Search Based on Compact Clustering},
	booktitle = {SISAP},
	year      = {2009},
	pages     = {124-131},
	ee        = {http://doi.ieeecomputersociety.org/10.1109/SISAP.2009.32},
	publisher = {IEEE Computer Society},
	isbn      = {978-0-7695-3765-8},
}

@inproceedings{Marin-Ferr10,
	author = {Marin, Mauricio and Ferrarotti, Flavio and Gil-Costa, Veronica},
	title = {Distributing a Metric-Space Search Index onto Processors},
	booktitle = {Proceedings of the 2010 39th International Conference on Parallel Processing},
	series = {ICPP '10},
	year = {2010},
	isbn = {978-0-7695-4156-3},
	pages = {433--442},
	numpages = {10},
	url = {http://dx.doi.org/10.1109/ICPP.2010.51},
	doi = {http://dx.doi.org/10.1109/ICPP.2010.51},
	acmid = {1905233},
	publisher = {IEEE Computer Society},
	address = {Washington, DC, USA},
	keywords = {Metric Space Indexing, Distributed Search},
} 

@article{Mar_ver_Nora-J_09,
	author    = {Veronica Gil Costa and
		Mauricio Mar\'{\i}n and
			Nora Reyes},
	title     = {Parallel query processing on distributed clustering indexes},
	journal   = {Journal of Discrete Algorithms},
	volume    = {7},
	number    = {1},
	year      = {2009},
	pages     = {3-17},
	ee        = {http://dx.doi.org/10.1016/j.jda.2008.09.010},
}

@BOOK {xeonphi2,
    author    = "Wang, E., Zhang, Q., Shen, B., Zhang, G., Lu, X., Wu, Q., Wang, Y.",
    title     = "High-Performance Computing on the Intel Xeon Phi(TM): How to Fully Exploit MIC Architectures",
    publisher = "Springer, New York",
    year      = "2014"
}

@MANUAL {xeonphi1,
    title = "PRACE (Partnership for Advanced Computing in Europe). Best Practice Guide - Intel Xeon Phi",
    year = "2017"
}

@BOOK {wange2014,
    author    = "Wang, E. Zhang, Q. Shen B. Zhang G. Lu X. Wu Q. Wang Y.",
    title     = "High-Performance Computing on the Intel Xeon Phi(TM): How to Fully Exploit MIC Architectures",
    publisher = "Springer, New York",
    year      = "2014"
}

@MISC {xeonphila,
    author       = "Intel LA",
    title        = "PROCESADORES INTEL® XEON PHI™",
    howpublished = "{https://www.intel.la/content/www/xl/es/products/processors/xeon-phi/xeon-phi-processors.html}",
    month        = "jan",
    year         = "2017"
}

@article{knn1,
  title={Instance-based learning algorithms},
  author={Aha, David W and Kibler, Dennis and Albert, Marc K},
  journal={Machine learning},
  volume={6},
  number={1},
  pages={37--66},
  year={1991},
  publisher={Springer}
}

@article{knn2,
  title={Nearest neighbor pattern classification},
  author={Cover, Thomas and Hart, Peter},
  journal={IEEE transactions on information theory},
  volume={13},
  number={1},
  pages={21--27},
  year={1967},
  publisher={IEEE}
}

@article{bentley1979data,
  title={Data structures for range searching},
  author={Bentley, Jon Louis and Friedman, Jerome H},
  journal={ACM Computing Surveys (CSUR)},
  volume={11},
  number={4},
  pages={397--409},
  year={1979},
  publisher={ACM}
}

@inproceedings{brisaboa2008clustering,
  title={Clustering-based similarity search in metric spaces with sparse spatial centers},
  author={Brisaboa, Nieves and Pedreira, Oscar and Seco, Diego and Solar, Roberto and Uribe, Roberto},
  booktitle={International Conference on Current Trends in Theory and Practice of Computer Science},
  pages={186--197},
  year={2008},
  organization={Springer}
}

@inproceedings{paredes2009egnat,
  title={Egnat: A fully dynamic metric access method for secondary memory},
  author={Paredes, Roberto Uribe and Navarro, Gonzalo},
  booktitle={Proceedings of the 2009 Second International Workshop on Similarity Search and Applications},
  pages={57--64},
  year={2009},
  organization={IEEE Computer Society}
}
@inproceedings{chavez2000effective,
  title={An effective clustering algorithm to index high dimensional metric spaces},
  author={Ch{\'a}vez, Edgar and Navarro, Gonzalo},
  booktitle={String Processing and Information Retrieval, 2000. SPIRE 2000. Proceedings. Seventh International Symposium on},
  pages={75--86},
  year={2000},
  organization={IEEE}
}

@article{plaku2007distributed,
  title={Distributed computation of the knn graph for large high-dimensional point sets},
  author={Plaku, Erion and Kavraki, Lydia E},
  journal={Journal of parallel and distributed computing},
  volume={67},
  number={3},
  pages={346--359},
  year={2007},
  publisher={Elsevier}
}

@inproceedings{bustos2006graphics,
  title={A graphics hardware accelerated algorithm for nearest neighbor search},
  author={Bustos, Benjamin and Deussen, Oliver and Hiller, Stefan and Keim, Daniel},
  booktitle={International Conference on Computational Science},
  pages={196--199},
  year={2006},
  organization={Springer}
}

@inproceedings{garcia2008fast,
  title={Fast k nearest neighbor search using GPU},
  author={Garcia, Vincent and Debreuve, Eric and Barlaud, Michel},
  booktitle={Computer Vision and Pattern Recognition Workshops, 2008. CVPRW'08. IEEE Computer Society Conference on},
  pages={1--6},
  year={2008},
  organization={IEEE}
}

@inproceedings{kuang2009practical,
  title={A practical GPU based kNN algorithm},
  author={Kuang, Quansheng and Zhao, Lei},
  booktitle={International symposium on computer science and computational technology (ISCSCT)},
  pages={151--155},
  year={2009},
  organization={Citeseer}
}


@inproceedings{barrientos2010heap,
  title={Heap based k-nearest neighbor search on GPUs},
  author={Barrientos, RJ and G{\'o}mez, JI and Tenllado, C and Prieto, M},
  booktitle={Congreso Espanol de Inform{\'a}tica (CEDI)},
  pages={559--566},
  year={2010}
}

@techreport{hart1966asymptotic,
  title={An asymptotic analysis of the nearest-neighbor decision rule.},
  author={Hart, Peter E},
  year={1966},
  institution={DTIC Document}
}

@article{cover1967nearest,
  title={Nearest neighbor pattern classification},
  author={Cover, Thomas and Hart, Peter},
  journal={IEEE transactions on information theory},
  volume={13},
  number={1},
  pages={21--27},
  year={1967},
  publisher={IEEE}
}

@article{hilborn1968dg,
  title={Dg lainiotis},
  author={HILBORN, CG},
  journal={IEEE transactions on information theory},
  year={1968},
  publisher={Citeseer}
}

@article{freeman1969experiments,
  title={Experiments in discrimination and classification},
  author={Freeman, JJ},
  journal={Pattern Recognition},
  volume={1},
  number={3},
  pages={207--218},
  year={1969},
  publisher={Elsevier}
}

@MISC {java,
    author       = "Oracle	",
    title        = "¿Cuáles son los requisitos del sistema para Java?",
    howpublished = "{url{https://www.java.com/es/download/help/sysreq.xml}},",
    month        = "jan",
    year         = "2017"
}

@book{c,
  title={The C programming language},
  author={Kernighan, Brian W and Ritchie, Dennis M},
  year={2006}
}

@article{deepak2001core,
  title={Core J2EE Patterns: Best Practices and Design Strategies},
  author={Deepak, Alur and Crupi, John and Malks, Dan},
  journal={Sun Microsystems. Palo Alto},
  year={2001}
}

@article{nunez2003investigacion,
  title={Investigaci{\'o}n de la plataforma J2EE y su aplicacion practica},
  author={Nu{\~n}ez, Juan Manuel Barrios},
  journal={Chile: Universidad de Chile, Facultad de Ciencias F{\'\i}sicas y Matem{\'a}ticas, Departamento de Ciencias de la Computaci{\'o}n},
  year={2003}
}

@article{joskowicz2008reglas,
  title={Reglas y pr{\'a}cticas en eXtreme Programming},
  author={Joskowicz, Jos{\'e}},
  journal={Universidad de Vigo},
  pages={22},
  year={2008}
}

@article{pressman1988ingenieria,
  title={Ingenier{\'\i}a del software},
  author={Pressman, Roger S and Troya, Jose Maria},
  year={1988},
  publisher={McGraw Hill}
}

@BOOK {libromcd,
    author    = "McDermid, J. y P. Rook",
    title     = "“Software Development Process Models”, en Software Engineer’s Reference Book",
    publisher = "CRC Press",
    year      = "1993",
    note      = "pp. 15/26-15/28."
}

@misc {speed,
    title = "Perl, Python, Ruby, PHP, C, C++, Lua, tcl, javascript and Java comparison",
    month = "mar",
    year  = "2011",
    howpublished   = "{https://raid6.com.au/~onlyjob/posts/arena/}"
}

@article{acosta2012guia,
  title={Gu{\'\i}a y fundamentos de la programaci{\'o}n en paralelo},
  author={Acosta, Fabio A and Segura, Oscar M and Ospina, Alvaro E},
  journal={Revista en telecomunicaciones e inform{\'a}tica},
  volume={2},
  number={4},
  pages={81--97},
  year={2012}
}

@misc {heap,
    author = "Samuel Rodriguez Bernabeu",
    title  = "Max/Min heap, priority queues… ¿Qué son y cómo lo hago? Comparativa Python, C/C++.",
    month  = "oct",
    year   = "2013",
    howpublished = "{https://porlasbarbasdekutta.wordpress.com/2013/10/10/maxmin-heap-priority-queues-que-son-y-como-lo-hago-comparativa-python-cc/}"
}

@misc {netbeans,
    author = "Oracle Corporation and/or its affiliates",
    title  = "NetBeans IDE Fits the Pieces Together",
    month  = "apr",
    year   = "2017",
    howpublished = "{https://netbeans.org/}"
}


@MISC {iclit2017,
    author = "ICL IT",
    title  = "Papi - PAPIC:Profiling",
    month  = "jan",
    year   = "2017",
    howpublished = "{http://icl.cs.utk.edu/papi/}",
}

@MISC {poi,
    author = "Apache fundation",
    title  = "Apache POI - the Java API for Microsoft Documents",
    month  = "apr",
    year   = "2017",
    howpublished    = "{https://poi.apache.org/}"
}

@article{hartigan1979algorithm,
  title={Algorithm AS 136: A k-means clustering algorithm},
  author={Hartigan, John A and Wong, Manchek A},
  journal={Journal of the Royal Statistical Society. Series C (Applied Statistics)},
  volume={28},
  number={1},
  pages={100--108},
  year={1979},
  publisher={JSTOR}
}

@incollection{hastie2009overview,
  title={Overview of supervised learning},
  author={Hastie, Trevor and Tibshirani, Robert and Friedman, Jerome},
  booktitle={The elements of statistical learning},
  pages={9--41},
  year={2009},
  publisher={Springer}
}

@article{nguyen2015aprendizaje,
  title={Aprendizaje supervisado de funciones de distancia: estado del arte},
  author={Nguyen Cong, Bac and Rivero P{\'e}rez, Jorge Luis and Morell, Carlos},
  journal={Revista Cubana de Ciencias Inform{\'a}ticas},
  volume={9},
  number={2},
  pages={14--28},
  year={2015},
  publisher={Universidad de las Ciencias Inform{\'a}ticas}
}

@inproceedings{barrientos2011knn,
  title={kNN query processing in metric spaces using GPUs},
  author={Barrientos, Ricardo J and G{\'o}mez, Jos{\'e} I and Tenllado, Christian and Matias, Manuel Prieto and Marin, Mauricio},
  booktitle={European Conference on Parallel Processing},
  pages={380--392},
  year={2011},
  organization={Springer}
}

@inproceedings{pan2011fast,
  title={Fast GPU-based locality sensitive hashing for k-nearest neighbor computation},
  author={Pan, Jia and Manocha, Dinesh},
  booktitle={Proceedings of the 19th ACM SIGSPATIAL international conference on advances in geographic information systems},
  pages={211--220},
  year={2011},
  organization={ACM}
}

@misc {itex,
    author = "iText Group NV",
    title  = "iText, the world's preferred PDF library",
    month  = "jun",
    year   = "2017",
    howpublished = "{https://itextpdf.com/}"
}